@inproceedings{fujisawa2012high,
  title={High-performance general solver for extremely large-scale semidefinite programming problems},
  author={Fujisawa, Katsuki and Sato, Hitoshi and Matsuoka, Satoshi and Endo, Toshio and Yamashita, Makoto and Nakata, Maho},
  booktitle={Proceedings of the International Conference on High Performance Computing, Networking, Storage and Analysis},
  pages={93},
  year={2012},
  organization={IEEE Computer Society Press}
}

@inproceedings{fujisawa2014petascale,
  title={Petascale general solver for semidefinite programming problems with over two million constraints},
  author={Fujisawa, Katsuki and Endo, Toshio and Yasui, Yuichiro and Sato, Hitoshi and Matsuzawa, Naoki and Matsuoka, Satoshi and Waki, Hayato},
  booktitle={Parallel and Distributed Processing Symposium, 2014 IEEE 28th International},
  pages={1171--1180},
  year={2014},
  organization={IEEE}
}

@incollection{fujisawa2019advanced,
  title={Advanced Computing and Optimization Infrastructure for Extremely Large-Scale Graphs on Post-peta-scale Supercomputers},
  author={Fujisawa, Katsuki and Suzumura, Toyotaro and Sato, Hitoshi and Ueno, Koji and Imamura, Satoshi and Mizote, Ryo and Tanaka, Akira and Hata, Nozomi and Endo, Toshio},
  booktitle={Advanced Software Technologies for Post-Peta Scale Computing},
  pages={207--226},
  year={2019},
  publisher={Springer}
}

@article{yamashita2003sdpara,
  title={{SDPARA}: Semidefinite programming algorithm parallel version},
  author={Yamashita, Makoto and Fujisawa, Katsuki and Kojima, Masakazu},
  journal={Parallel Computing},
  volume=29,
  number=8,
  pages={1053--1067},
  year=2003,
  publisher={Elsevier}
}

@inproceedings{tsujita2015scalable,
  title={The scalable petascale data-driven approach for the {Cholesky} factorization with multiple {GPU}s},
  author={Tsujita, Yuki and Endo, Toshio and Fujisawa, Katsuki},
  booktitle={Proceedings of the First International Workshop on Extreme Scale Programming Models and Middleware},
  pages={38--45},
  year={2015},
  organization={ACM}
}

@inproceedings{tsujita2015data,
  title={Data driven scheduling approach for the multi-node multi-{GPU} {Cholesky} decomposition},
  author={Tsujita, Yuki and Endo, Toshio},
  booktitle={Job Scheduling Strategies for Parallel Processing},
  pages={69--82},
  year={2015},
  organization={Springer}
}

@book{wolkowicz2012handbook,
  title={Handbook of semidefinite programming: theory, algorithms, and applications},
  author={Wolkowicz, Henry and Saigal, Romesh and Vandenberghe, Lieven},
  volume={27},
  year={2012},
  publisher={Springer Science \& Business Media}
}

@misc{madanidistributed,
  title={Distributed Computation for Sparse Semidefinite Programming with Applications to Power Optimization Problems},
  author={Madani, Ramtin and Kalbat, Abdulrahman and Lavaei, Javad}
}

@article{pakazad2018distributed,
  title={Distributed semidefinite programming with application to large-scale system analysis},
  author={Pakazad, Sina Khoshfetrat and Hansson, Anders and Andersen, Martin S and Rantzer, Anders},
  journal={IEEE Transactions on Automatic Control},
  volume={63},
  number={4},
  pages={1045--1058},
  year={2018},
  publisher={IEEE}
}

@article{waki2008algorithm,
  title={Algorithm 883: SparsePOP---A Sparse Semidefinite Programming Relaxation of Polynomial Optimization Problems},
  author={Waki, Hayato and Kim, Sunyoung and Kojima, Masakazu and Muramatsu, Masakazu and Sugimoto, Hiroshi},
  journal={ACM Transactions on Mathematical Software (TOMS)},
  volume={35},
  number={2},
  pages={15},
  year={2008},
  publisher={ACM}
}

@article{parrilo2003semidefinite,
  title={Semidefinite programming relaxations for semialgebraic problems},
  author={Parrilo, Pablo A},
  journal={Mathematical programming},
  volume={96},
  number={2},
  pages={293--320},
  year={2003},
  publisher={Springer}
}

@article{henrion2009gloptipoly,
  title={GloptiPoly 3: moments, optimization and semidefinite programming},
  author={Henrion, Didier and Lasserre, Jean-Bernard and L{\"o}fberg, Johan},
  journal={Optimization Methods \& Software},
  volume={24},
  number={4-5},
  pages={761--779},
  year={2009},
  publisher={Taylor \& Francis}
}